
@inproceedings{agrawal2012analysis,
	title={Analysis of thompson sampling for the multi-armed bandit problem},
	author={Agrawal, Shipra and Goyal, Navin},
	booktitle={Conference on learning theory},
	pages={39--1},
	year={2012},
	organization={JMLR Workshop and Conference Proceedings}
}

@inproceedings{amin2011bandits,
  title={Bandits, query learning, and the haystack dimension},
  author={Amin, Kareem and Kearns, Michael and Syed, Umar},
  booktitle={Proceedings of the 24th Annual Conference on Learning Theory},
  pages={87--106},
  year={2011},
  organization={JMLR Workshop and Conference Proceedings}
}

@article{amin2013learning,
  title={Learning prices for repeated auctions with strategic buyers},
  author={Amin, Kareem and Rostamizadeh, Afshin and Syed, Umar},
  journal={arXiv preprint arXiv:1311.6838},
  year={2013}
}


@INPROCEEDINGS{Auer1995Adversarial,
	author={P. {Auer} and N. {Cesa-Bianchi} and Y. {Freund} and R. E. {Schapire}},
	booktitle={Proceedings of IEEE 36th Annual Foundations of Computer Science}, 
	title={Gambling in a rigged casino: The adversarial multi-armed bandit problem}, 
	year={1995},
	volume={},
	number={},
	pages={322-331},
	doi={10.1109/SFCS.1995.492488}}

@article{auer2002finite,
	title={Finite-time analysis of the multiarmed bandit problem},
	author={Auer, Peter and Cesa-Bianchi, Nicolo and Fischer, Paul},
	journal={Machine learning},
	volume={47},
	number={2},
	pages={235--256},
	year={2002},
	publisher={Springer}
}

@article{avadhanula2021stochastic,
  title={Stochastic Bandits for Multi-platform Budget Optimization in Online Advertising},
  author={Avadhanula, Vashist and Colini-Baldeschi, Riccardo and Leonardi, Stefano and Sankararaman, Karthik Abinav and Schrijvers, Okke},
  journal={arXiv preprint arXiv:2103.10246},
  year={2021}
}

@ARTICLE{Anantharam1987Markovian,  author={V. {Anantharam} and P. {Varaiya} and J. {Walrand}},  journal={IEEE Transactions on Automatic Control},   title={Asymptotically efficient allocation rules for the multiarmed bandit problem with multiple plays-Part II: Markovian rewards},   year={1987},  volume={32},  number={11},  pages={977-982},  doi={10.1109/TAC.1987.1104485}}


@misc{babaioff2015dynamic,
  title={Dynamic pricing with limited supply},
  author={Babaioff, Moshe and Dughmi, Shaddin and Kleinberg, Robert and Slivkins, Aleksandrs},
  year={2015},
  publisher={ACM New York, NY, USA}
}

@article{babaioff2017posting,
  title={Posting prices with unknown distributions},
  author={Babaioff, Moshe and Blumrosen, Liad and Dughmi, Shaddin and Singer, Yaron},
  journal={ACM Transactions on Economics and Computation (TEAC)},
  volume={5},
  number={2},
  pages={1--20},
  year={2017},
  publisher={ACM New York, NY, USA}
}

@inproceedings{badanidiyuru2013bandits,
  title={Bandits with knapsacks},
  author={Badanidiyuru, Ashwinkumar and Kleinberg, Robert and Slivkins, Aleksandrs},
  booktitle={2013 IEEE 54th Annual Symposium on Foundations of Computer Science},
  pages={207--216},
  year={2013},
  organization={IEEE}
}

@book{banditalgowebopt,
	title = {Bandit Algorithms for Website Optimization},
	author = {J. Myles White},
	volume = {1},
	year = {2012},
	publisher = {O'Reilly}
}

@book{borodin2005online,
  title={Online computation and competitive analysis},
  author={Borodin, Allan and El-Yaniv, Ran},
  year={2005},
  publisher={cambridge university press}
}

@inproceedings{contextual,
	title={Taming the monster: A fast and simple algorithm for contextual bandits},
	author={Agarwal, Alekh and Hsu, Daniel and Kale, Satyen and Langford, John and Li, Lihong and Schapire, Robert},
	booktitle={International Conference on Machine Learning},
	pages={1638--1646},
	year={2014},
	organization={PMLR}
}
@inproceedings{Chapelle2011Thompson,
 author = {Chapelle, Olivier and Li, Lihong},
 booktitle = {Advances in Neural Information Processing Systems},
 editor = {J. Shawe-Taylor and R. Zemel and P. Bartlett and F. Pereira and K. Q. Weinberger},
 pages = {},
 publisher = {Curran Associates, Inc.},
 title = {An Empirical Evaluation of Thompson Sampling},
 url = {https://proceedings.neurips.cc/paper/2011/file/e53a0a2978c28872a4505bdb51db06dc-Paper.pdf},
 volume = {24},
 year = {2011}
}

@article{di2020linear,
	title={A linear bandit for seasonal environments},
	author={Di Benedetto, Giuseppe and Bellini, Vito and Zappella, Giovanni},
	journal={arXiv preprint arXiv:2004.13576},
	year={2020}
}

@inproceedings{gael2020stochastic,
  title={Stochastic bandits with arm-dependent delays},
  author={Gael, Manegueu Anne and Vernade, Claire and Carpentier, Alexandra and Valko, Michal},
  booktitle={International Conference on Machine Learning},
  pages={3348--3356},
  year={2020},
  organization={PMLR}
}

@inproceedings{joulani2013,
	title={Online learning under delayed feedback},
	author={Joulani, Pooria and Gyorgy, Andras and Szepesv{\'a}ri, Csaba},
	booktitle={International Conference on Machine Learning},
	pages={1453--1461},
	year={2013},
	organization={PMLR}
}

@inproceedings{kaufmann2012bayesian,
	title={On Bayesian upper confidence bounds for bandit problems},
	author={Kaufmann, Emilie and Capp{\'e}, Olivier and Garivier, Aur{\'e}lien},
	booktitle={Artificial intelligence and statistics},
	pages={592--600},
	year={2012},
	organization={PMLR}
}

@inproceedings{kleinberg2003value,
  title={The value of knowing a demand curve: Bounds on regret for online posted-price auctions},
  author={Kleinberg, Robert and Leighton, Tom},
  booktitle={44th Annual IEEE Symposium on Foundations of Computer Science, 2003. Proceedings.},
  pages={594--605},
  year={2003},
  organization={IEEE}
}

@inproceedings{mao2018online,
  title={Online Pricing for Revenue Maximization with Unknown Time Discounting Valuations.},
  author={Mao, Weichao and Zheng, Zhenzhe and Wu, Fan and Chen, Guihai},
  booktitle={IJCAI},
  pages={440--446},
  year={2018}
}

@inproceedings{nuara2018combinatorial,
  title={A combinatorial-bandit algorithm for the online joint bid/budget optimization of pay-per-click advertising campaigns},
  author={Nuara, Alessandro and Trovo, Francesco and Gatti, Nicola and Restelli, Marcello},
  booktitle={Proceedings of the AAAI Conference on Artificial Intelligence},
  volume={32},
  number={1},
  year={2018}
}

@inproceedings{pike2018bandits,
  title={Bandits with delayed, aggregated anonymous feedback},
  author={Pike-Burke, Ciara and Agrawal, Shipra and Szepesvari, Csaba and Grunewalder, Steffen},
  booktitle={International Conference on Machine Learning},
  pages={4105--4113},
  year={2018},
  organization={PMLR}
}

@article{recsys1,
	author = {Burke, Robin},
	title = {Hybrid Recommender Systems: Survey and Experiments},
	journal = {User Modeling and User-Adapted Interaction},
	volume = {12},
	year = {2002},
}

@article{recsys2,
	author = {Bobadilla Sancho, Jesus
	Ortega Requena, Fernando
	Hernando Esteban, Antonio
	Bernal Bermúdez, Jesús},
	title = {A collaborative filtering approach to mitigate the new user cold start problem.},
	journal = {Knowledge-Based Systems},
	volume = {26},
	year = {2012},
}

@article{recsys3,
	author = {Bakhshandegan Moghaddam, Farshad and Elahi, Mehdi},
	year = {2019},
	month = {05},
	pages = {},
	title = {Cold Start Solutions For Recommendation Systems},
	doi = {10.13140/RG.2.2.27407.02725}
}

@article{Robbins1952sequential,
	author =       "Robbins, Herbert",
	title =        "Some aspects of the sequential design of experiments",
	journal =      "Bulletin of the American Mathematical Society",
	year =         "1952",
	volume =    "58",
	number =    "5",
	pages =     "527--535",
	url = "http://www.projecteuclid.org/DPubS/Repository/1.0/Disseminate?view=body&id=pdf_1&handle=euclid.bams/1183517370",
	bib2html_rescat = "General RL, Bandits",
}

@article{romano2020online,
  title={Online Posted Pricing with Unknown Time-Discounted Valuations},
  author={Romano, Giulia and Tartaglia, Gianluca and Marchesi, Alberto and Gatti, Nicola},
  journal={arXiv preprint arXiv:2012.05774},
  year={2020}
}

@book{sutton2018reinforcement,
	title={Reinforcement learning: An introduction},
	author={Sutton, Richard S and Barto, Andrew G},
	year={2018},
	publisher={MIT press}
}

@article{thompson1933likelihood,
	title={On the likelihood that one unknown probability exceeds another in view of the evidence of two samples},
	author={Thompson, William R},
	journal={Biometrika},
	volume={25},
	number={3/4},
	pages={285--294},
	year={1933},
	publisher={JSTOR}
}

@article{trovo2018improving,
  title={Improving multi-armed bandit algorithms in online pricing settings},
  author={Trov{\`o}, Francesco and Paladino, Stefano and Restelli, Marcello and Gatti, Nicola},
  journal={International Journal of Approximate Reasoning},
  volume={98},
  pages={196--235},
  year={2018},
  publisher={Elsevier}
}

@inproceedings{vernade2020linear,
  title={Linear bandits with stochastic delayed feedback},
  author={Vernade, Claire and Carpentier, Alexandra and Lattimore, Tor and Zappella, Giovanni and Ermis, Beyza and Brueckner, Michael},
  booktitle={International Conference on Machine Learning},
  pages={9712--9721},
  year={2020},
  organization={PMLR}
}

@article{vernade2017stochastic,
  title={Stochastic bandit models for delayed conversions},
  author={Vernade, Claire and Capp{\'e}, Olivier and Perchet, Vianney},
  journal={arXiv preprint arXiv:1706.09186},
  year={2017}
}

@inproceedings{vernade2020non,
  title={Non-Stationary Delayed Bandits with Intermediate Observations},
  author={Vernade, Claire and Gyorgy, Andras and Mann, Timothy},
  booktitle={International Conference on Machine Learning},
  pages={9722--9732},
  year={2020},
  organization={PMLR}
}

@inproceedings{weed2016online,
  title={Online learning in repeated auctions},
  author={Weed, Jonathan and Perchet, Vianney and Rigollet, Philippe},
  booktitle={Conference on Learning Theory},
  pages={1562--1583},
  year={2016},
  organization={PMLR}
}

@article{anderson1964sequential,
	title={Sequential analysis with delayed observations},
	author={Anderson, TW},
	journal={Journal of the American Statistical Association},
	volume={59},
	number={308},
	pages={1006--1015},
	year={1964},
	publisher={Taylor \& Francis}
}

@inproceedings{bisi2017regret,
	author    = {Bisi, L. and De Nittis, G. and Trov{\`{o}}, F. and Restelli, M. and Gatti, N.},
	title     = {Regret Minimization Algorithms for the Followers Behaviour Identification in Leadership Games},
	booktitle = {Proceedings of the Conference on Uncertainty in Artificial (UAI)},
	year      = {2017},
	pages = {1--10}
}

@inproceedings{basilico2014strategic,
	title={Strategic guard placement for optimal response toalarms in security games},
	author={Basilico, Nicola and Gatti, Nicola},
	booktitle={Proceedings of the 2014 international conference on Autonomous agents and multi-agent systems},
	pages={1481--1482},
	year={2014},
	organization={Citeseer}
}

@article{gatti2015truthful,
	title = {Truthful learning mechanisms for multi-slot sponsored search auctions with externalities},
	author = {Nicola Gatti and Alessandro Lazaric and Marco Rocco and Francesco Trov\`o},
	journal = {ARTIF INTELL},
	volume = {227},
	pages = {93--139},
	year = {2015},
}

@article{nuara2020online,
	title={Online Joint Bid/Daily Budget Optimization of Internet Advertising Campaigns},
	author={Nuara, Alessandro and Trov{\`o}, Francesco and Gatti, Nicola and Restelli, Marcello},
	journal={arXiv preprint arXiv:2003.01452},
	year={2020}
}

@article{trovo2018improving,
	title={Improving multi-armed bandit algorithms in online pricing settings},
	author={Trov{\`o}, Francesco and Paladino, Stefano and Restelli, Marcello and Gatti, Nicola},
	journal={International Journal of Approximate Reasoning},
	volume={98},
	pages={196--235},
	year={2018},
	publisher={Elsevier}
}

@inproceedings{nuara2018combinatorial,
	title={A combinatorial-bandit algorithm for the online joint bid/budget optimization of pay-per-click advertising campaigns},
	author={Nuara, Alessandro and Trovo, Francesco and Gatti, Nicola and Restelli, Marcello},
	booktitle={Proceedings of the AAAI Conference on Artificial Intelligence},
	volume={32},
	year={2018}
}

@inproceedings{li2016contextual,
	title={Contextual combinatorial cascading bandits},
	author={Li, Shuai and Wang, Baoxiang and Zhang, Shengyu and Chen, Wei},
	booktitle={International conference on machine learning},
	pages={1245--1253},
	year={2016},
	organization={PMLR}
}

@article{trovo2020sliding,
	title={Sliding-window thompson sampling for non-stationary settings},
	author={Trovo, Francesco and Paladino, Stefano and Restelli, Marcello and Gatti, Nicola},
	journal={Journal of Artificial Intelligence Research},
	volume={68},
	pages={311--364},
	year={2020}
}

@book{williams2006gaussian,
	title={Gaussian processes for machine learning},
	author={Williams, C.K.I. and Rasmussen, C.E.},
	volume={2},
	year={2006},
	publisher={MIT press Cambridge, MA}
}

@inproceedings{srinivas2009gaussian,
	title={Gaussian process optimization in the bandit setting: No regret and experimental design},
	author={Srinivas, N. and Krause, A. and Kakade, S.M. and Seeger, M.},
	booktitle = {Proceedings of the International Conference on Machine Learning (ICML)},
	pages = {1015--1022},
	year={2010}
}

@inproceedings{nuara2020driving,
	title={Driving exploration by maximum distribution in gaussian process bandits},
	author={Nuara, Alessandro and Trov{\`o}, Francesco and Crippa, Dominic and Gatti, Nicola and Restelli, Marcello},
	booktitle={International Conference on Autonomous Agents and MultiAgent Systems},
	pages={948--956},
	year={2020}
}

@inproceedings{nuara2019dealing,
	title={Dealing with interdependencies and uncertainty in multi-channel advertising campaigns optimization},
	author={Nuara, Alessandro and Sosio, Nicola and Trov\`o, Francesco and Zaccardi, Maria Chiara and Gatti, Nicola and Restelli, Marcello},
	booktitle={The World Wide Web Conference},
	pages={1376--1386},
	year={2019}
}